<?xml version="1.0" encoding="UTF-8"?><collection xmlns="http://www.loc.gov/MARC21/slim"><record><leader>00412nam--2200157-i-4500</leader><controlfield tag="001">000015208</controlfield><controlfield tag="002">20161230</controlfield><controlfield tag="005">20170116002157</controlfield><controlfield tag="008">060222s1000------------r-----000-0-eng-d</controlfield><datafield ind1=" " ind2=" " tag="080"><subfield code="a">543</subfield></datafield><datafield ind1=" " ind2=" " tag="100"><subfield code="a">Charlot, Gaston</subfield></datafield><datafield ind1=" " ind2=" " tag="245"><subfield code="a">Les methodes de la chimie analytique. Analyse quantitative minerale</subfield></datafield><datafield ind1=" " ind2=" " tag="260"><subfield code="a">Paris</subfield><subfield code="b">Masson Et C-ie</subfield><subfield code="c">1966</subfield></datafield><datafield ind1=" " ind2=" " tag="300"><subfield code="a">1023 p</subfield></datafield><datafield ind1=" " ind2=" " tag="852"><subfield code="a">77505</subfield></datafield><datafield ind1=" " ind2=" " tag="CAT"><subfield code="a">SYS</subfield><subfield code="c">20170116</subfield><subfield code="h">002157</subfield></datafield></record></collection>